<Document xmlns="urn:iso:std:iso:20022:tech:xsd:pacs.008.001.08" xmlns:xsi="http://www.w3.org/2001/XMLSchema-instance">
    <FIToFICstmrCdtTrf>
        <GrpHdr>
            <MsgId>INNDNL2U20240311T110412</MsgId>
            <CreDtTm>2024-03-11T11:04:12</CreDtTm>
            <NbOfTxs>6</NbOfTxs>
            <TtlIntrBkSttlmAmt Ccy="EUR">525</TtlIntrBkSttlmAmt>
            <IntrBkSttlmDt>2024-03-11</IntrBkSttlmDt>
            <SttlmInf>
                <SttlmMtd>CLRG</SttlmMtd>
                <ClrSys>
                    <Cd>INC</Cd>
                </ClrSys>
            </SttlmInf>
            <InstdAgt>
                <FinInstnId>
                    <BICFI>NNBANL2G</BICFI>
                </FinInstnId>
            </InstdAgt>
        </GrpHdr>
        <CdtTrfTxInf>
            <PmtId>
                <InstrId>INNDNL2U20240311T110412</InstrId>
                <EndToEndId>E2E20240311T110412</EndToEndId>
                <TxId>TxId20240311T110412</TxId>
            </PmtId>
            <PmtTpInf>
                <SvcLvl>
                    <Cd>SEPA</Cd>
                </SvcLvl>
            </PmtTpInf>
            <IntrBkSttlmAmt Ccy="EUR">101</IntrBkSttlmAmt>
            <ChrgBr>SLEV</ChrgBr>
            <InstgAgt>
                <FinInstnId>
                    <BICFI>INGBNL2A</BICFI>
                </FinInstnId>
            </InstgAgt>
            <Dbtr>
                <Nm>Debtor 0</Nm>
            </Dbtr>
            <DbtrAcct>
                <Id>
                    <IBAN>NL43INGB7777779928</IBAN>
                </Id>
            </DbtrAcct>
            <DbtrAgt>
                <FinInstnId>
                    <BICFI>INGBNL2A</BICFI>
                </FinInstnId>
            </DbtrAgt>
            <CdtrAgt>
                <FinInstnId>
                    <BICFI>NNBANL2G</BICFI>
                </FinInstnId>
            </CdtrAgt>
            <Cdtr>
                <Nm>Galaxy 0</Nm>
            </Cdtr>
            <CdtrAcct>
                <Id>
                    <IBAN>NL97NNBA2022645367</IBAN>
                </Id>
            </CdtrAcct>
            <RmtInf>
                <Ustrd>SI starting with 2</Ustrd>
            </RmtInf>
        </CdtTrfTxInf>
        <CdtTrfTxInf>
            <PmtId>
                <InstrId>INNDNL2U20240311T110412</InstrId>
                <EndToEndId>E2E20240311T110412</EndToEndId>
                <TxId>TxId20240311T110412</TxId>
            </PmtId>
            <PmtTpInf>
                <SvcLvl>
                    <Cd>SEPA</Cd>
                </SvcLvl>
            </PmtTpInf>
            <IntrBkSttlmAmt Ccy="EUR">102</IntrBkSttlmAmt>
            <ChrgBr>SLEV</ChrgBr>
            <InstgAgt>
                <FinInstnId>
                    <BICFI>DEUTESBB</BICFI>
                </FinInstnId>
            </InstgAgt>
            <Dbtr>
                <Nm>Debtor 1</Nm>
            </Dbtr>
            <DbtrAcct>
                <Id>
                    <IBAN>ES3300190029114010023693</IBAN>
                </Id>
            </DbtrAcct>
            <DbtrAgt>
                <FinInstnId>
                    <BICFI>DEUTESBB</BICFI>
                </FinInstnId>
            </DbtrAgt>
            <CdtrAgt>
                <FinInstnId>
                    <BICFI>NNBANL2G</BICFI>
                </FinInstnId>
            </CdtrAgt>
            <Cdtr>
                <Nm>Galaxy 1</Nm>
            </Cdtr>
            <CdtrAcct>
                <Id>
                    <IBAN>NL02NNBA3188204897</IBAN>
                </Id>
            </CdtrAcct>
            <RmtInf>
                <Ustrd>SI starting with 3</Ustrd>
            </RmtInf>
        </CdtTrfTxInf>
        <CdtTrfTxInf>
            <PmtId>
                <InstrId>INNDNL2U20240311T110412</InstrId>
                <EndToEndId>E2E20240311T110412</EndToEndId>
                <TxId>TxId20240311T110412</TxId>
            </PmtId>
            <PmtTpInf>
                <SvcLvl>
                    <Cd>SEPA</Cd>
                </SvcLvl>
            </PmtTpInf>
            <IntrBkSttlmAmt Ccy="EUR">103</IntrBkSttlmAmt>
            <ChrgBr>SLEV</ChrgBr>
            <InstgAgt>
                <FinInstnId>
                    <BICFI>DEUTESBB</BICFI>
                </FinInstnId>
            </InstgAgt>
            <Dbtr>
                <Nm>Debtor 2</Nm>
            </Dbtr>
            <DbtrAcct>
                <Id>
                    <IBAN>ES3300190029114010023693</IBAN>
                </Id>
            </DbtrAcct>
            <DbtrAgt>
                <FinInstnId>
                    <BICFI>DEUTESBB</BICFI>
                </FinInstnId>
            </DbtrAgt>
            <CdtrAgt>
                <FinInstnId>
                    <BICFI>NNBANL2G</BICFI>
                </FinInstnId>
            </CdtrAgt>
            <Cdtr>
                <Nm>Galaxy 2</Nm>
            </Cdtr>
            <CdtrAcct>
                <Id>
                    <IBAN>NL54NNBA2040114580</IBAN>
                </Id>
            </CdtrAcct>
            <RmtInf>
                <Ustrd>SI Blocked</Ustrd>
            </RmtInf>
        </CdtTrfTxInf>
        <CdtTrfTxInf>
            <PmtId>
                <InstrId>INNDNL2U20240311T110412</InstrId>
                <EndToEndId>E2E20240311T110412</EndToEndId>
                <TxId>TxId20240311T110412</TxId>
            </PmtId>
            <PmtTpInf>
                <SvcLvl>
                    <Cd>SEPA</Cd>
                </SvcLvl>
            </PmtTpInf>
            <IntrBkSttlmAmt Ccy="EUR">104</IntrBkSttlmAmt>
            <ChrgBr>SLEV</ChrgBr>
            <InstgAgt>
                <FinInstnId>
                    <BICFI>RABONL2U</BICFI>
                </FinInstnId>
            </InstgAgt>
            <Dbtr>
                <Nm>Debtor 3</Nm>
            </Dbtr>
            <DbtrAcct>
                <Id>
                    <IBAN>NL12RABO0100001213</IBAN>
                </Id>
            </DbtrAcct>
            <DbtrAgt>
                <FinInstnId>
                    <BICFI>RABONL2U</BICFI>
                </FinInstnId>
            </DbtrAgt>
            <CdtrAgt>
                <FinInstnId>
                    <BICFI>NNBANL2G</BICFI>
                </FinInstnId>
            </CdtrAgt>
            <Cdtr>
                <Nm>Galaxy 3</Nm>
            </Cdtr>
            <CdtrAcct>
                <Id>
                    <IBAN>NL61NNBA0719053412</IBAN>
                </Id>
            </CdtrAcct>
            <RmtInf>
                <Ustrd>SI starting with 0</Ustrd>
            </RmtInf>
        </CdtTrfTxInf>
        <CdtTrfTxInf>
            <PmtId>
                <InstrId>INNDNL2U20240311T110412</InstrId>
                <EndToEndId>E2E20240311T110412</EndToEndId>
                <TxId>TxId20240311T110412</TxId>
            </PmtId>
            <PmtTpInf>
                <SvcLvl>
                    <Cd>SEPA</Cd>
                </SvcLvl>
            </PmtTpInf>
            <IntrBkSttlmAmt Ccy="EUR">105</IntrBkSttlmAmt>
            <ChrgBr>SLEV</ChrgBr>
            <InstgAgt>
                <FinInstnId>
                    <BICFI>DEUTESBB</BICFI>
                </FinInstnId>
            </InstgAgt>
            <Dbtr>
                <Nm>Debtor 4</Nm>
            </Dbtr>
            <DbtrAcct>
                <Id>
                    <IBAN>ES3300190029114010023693</IBAN>
                </Id>
            </DbtrAcct>
            <DbtrAgt>
                <FinInstnId>
                    <BICFI>DEUTESBB</BICFI>
                </FinInstnId>
            </DbtrAgt>
            <CdtrAgt>
                <FinInstnId>
                    <BICFI>NNBANL2G</BICFI>
                </FinInstnId>
            </CdtrAgt>
            <Cdtr>
                <Nm>Galaxy 4</Nm>
            </Cdtr>
            <CdtrAcct>
                <Id>
                    <IBAN>NL21NNBA1000000567</IBAN>
                </Id>
            </CdtrAcct>
            <RmtInf>
                <Ustrd>CA starting with </Ustrd>
            </RmtInf>
        </CdtTrfTxInf>
        <CdtTrfTxInf>
            <PmtId>
                <InstrId>INNDNL2U20240311T110412</InstrId>
                <EndToEndId>E2E20240311T110412</EndToEndId>
                <TxId>TxId20240311T110412</TxId>
            </PmtId>
            <PmtTpInf>
                <SvcLvl>
                    <Cd>SEPA</Cd>
                </SvcLvl>
            </PmtTpInf>
            <IntrBkSttlmAmt Ccy="EUR">10.00</IntrBkSttlmAmt>
            <ChrgBr>SLEV</ChrgBr>
            <InstgAgt>
                <FinInstnId>
                    <BICFI>DEUTESBB</BICFI>
                </FinInstnId>
            </InstgAgt>
            <Dbtr>
                <Nm>Debtor 0</Nm>
            </Dbtr>
            <DbtrAcct>
                <Id>
                    <IBAN>ES3300190029114010023693</IBAN>
                </Id>
            </DbtrAcct>
            <DbtrAgt>
                <FinInstnId>
                    <BICFI>DEUTESBB</BICFI>
                </FinInstnId>
            </DbtrAgt>
            <CdtrAgt>
                <FinInstnId>
                    <BICFI>NNBANL2G</BICFI>
                </FinInstnId>
            </CdtrAgt>
            <Cdtr>
                <Nm>Galaxy 0</Nm>
            </Cdtr>
            <CdtrAcct>
                <Id>
                    <IBAN>NL46NNBA4000000408</IBAN>
                </Id>
            </CdtrAcct>
            <RmtInf>
                <Ustrd>CA starting with 4</Ustrd>
            </RmtInf>
        </CdtTrfTxInf>
    </FIToFICstmrCdtTrf>
</Document>
