<Document xmlns="urn:iso:std:iso:20022:tech:xsd:pacs.003.001.08" xmlns:xsi="http://www.w3.org/2001/XMLSchema-instance">
    <FIToFICstmrDrctDbt>
        <GrpHdr>
            <MsgId>TPS000000000020240308T104854</MsgId>
            <CreDtTm>2024-03-08T10:48:54</CreDtTm>
            <NbOfTxs>10</NbOfTxs>
            <TtlIntrBkSttlmAmt Ccy="EUR">155</TtlIntrBkSttlmAmt>
            <IntrBkSttlmDt>2024-03-08</IntrBkSttlmDt>
            <SttlmInf>
                <SttlmMtd>CLRG</SttlmMtd>
                <ClrSys>
                    <Cd>INC</Cd>
                </ClrSys>
            </SttlmInf>
            <InstdAgt>
                <FinInstnId>
                    <BICFI>NNBANL2G</BICFI>
                </FinInstnId>
            </InstdAgt>
        </GrpHdr>
        <DrctDbtTxInf>
            <PmtId>
                <InstrId>INNDNL3U20240308T104854</InstrId>
                <EndToEndId>E2E20240308T104854</EndToEndId>
                <TxId>TXDIDI3A300833F20240308T104854</TxId>
            </PmtId>
            <PmtTpInf>
                <SvcLvl>
                    <Cd>SEPA</Cd>
                </SvcLvl>
                <LclInstrm>
                    <Cd>CORE</Cd>
                </LclInstrm>
                <SeqTp>RCUR</SeqTp>
                <CtgyPurp>
                    <Cd>str1</Cd>
                </CtgyPurp>
            </PmtTpInf>
            <IntrBkSttlmAmt Ccy="EUR">11</IntrBkSttlmAmt>
            <ChrgBr>SLEV</ChrgBr>
            <ReqdColltnDt>2024-03-08</ReqdColltnDt>
            <DrctDbtTx>
                <MndtRltdInf>
                    <MndtId>41011</MndtId>
                    <DtOfSgntr>2024-03-08</DtOfSgntr>
                    <AmdmntInd>true</AmdmntInd>
                    <AmdmntInfDtls>
                        <OrgnlCdtrSchmeId>
                            <Nm>Vodafone Co</Nm>
                            <Id>
                                <PrvtId>
                                    <Othr>
                                        <Id>NL16ZZZ320750020000</Id>
                                        <SchmeNm>
                                            <Prtry>SEPA</Prtry>
                                        </SchmeNm>
                                    </Othr>
                                </PrvtId>
                            </Id>
                        </OrgnlCdtrSchmeId>
                        <OrgnlDbtrAcct>
                            <Id>
                                <IBAN>NL61NNBA0719053412</IBAN>
                            </Id>
                        </OrgnlDbtrAcct>
                    </AmdmntInfDtls>
                    <ElctrncSgntr>DIANA</ElctrncSgntr>
                </MndtRltdInf>
                <CdtrSchmeId>
                    <Id>
                        <PrvtId>
                            <Othr>
                                <Id>NL16ZZZ320750020000</Id>
                                <SchmeNm>
                                    <Prtry>SEPA</Prtry>
                                </SchmeNm>
                            </Othr>
                        </PrvtId>
                    </Id>
                </CdtrSchmeId>
            </DrctDbtTx>
            <Cdtr>
                <Nm>Vodafon Co</Nm>
                <PstlAdr>
                    <Ctry>NL</Ctry>
                    <AdrLine>s Gravenhof 2 D</AdrLine>
                    <AdrLine>7201 DN ZUTPHEN</AdrLine>
                </PstlAdr>
            </Cdtr>
            <CdtrAcct>
                <Id>
                    <IBAN>NL12RABO0100001213</IBAN>
                </Id>
            </CdtrAcct>
            <CdtrAgt>
                <FinInstnId>
                    <BICFI>RABONL2U</BICFI>
                </FinInstnId>
            </CdtrAgt>
            <UltmtCdtr>
                <Nm>str1234</Nm>
                <PstlAdr>
                    <Dept>str1234</Dept>
                    <SubDept>str1234</SubDept>
                    <StrtNm>str1234</StrtNm>
                    <BldgNb>str1234</BldgNb>
                    <PstCd>str1234</PstCd>
                    <TwnNm>str1234</TwnNm>
                    <CtrySubDvsn>str1234</CtrySubDvsn>
                    <Ctry>NL</Ctry>
                </PstlAdr>
                <Id>
                    <OrgId>
                        <AnyBIC>NNBANL2G</AnyBIC>
                    </OrgId>
                </Id>
            </UltmtCdtr>
            <InstgAgt>
                <FinInstnId>
                    <BICFI>RABONL2U</BICFI>
                </FinInstnId>
            </InstgAgt>
            <Dbtr>
                <Nm>D. Demir Halk Debtor</Nm>
            </Dbtr>
            <DbtrAcct>
                <Id>
                    <IBAN>NL61NNBA0719053412</IBAN>
                </Id>
            </DbtrAcct>
            <DbtrAgt>
                <FinInstnId>
                    <BICFI>NNBANL2G</BICFI>
                </FinInstnId>
            </DbtrAgt>
            <UltmtDbtr>
                <Nm>str1234</Nm>
                <PstlAdr>
                    <Dept>str1234</Dept>
                    <SubDept>str1234</SubDept>
                    <StrtNm>str1234</StrtNm>
                    <BldgNb>str1234</BldgNb>
                    <PstCd>str1234</PstCd>
                    <TwnNm>str1234</TwnNm>
                    <CtrySubDvsn>str1234</CtrySubDvsn>
                    <Ctry>NL</Ctry>
                </PstlAdr>
                <Id>
                    <OrgId>
                        <AnyBIC>NNBANL2G</AnyBIC>
                    </OrgId>
                </Id>
            </UltmtDbtr>
            <RmtInf>
                <Ustrd>Direct Debit Collection</Ustrd>
            </RmtInf>
        </DrctDbtTxInf>
        <DrctDbtTxInf>
            <PmtId>
                <InstrId>TPS000000000020240308T104854</InstrId>
                <EndToEndId>E2E20240308T104854</EndToEndId>
                <TxId>TXDIDI1A100811F20240308T104854</TxId>
            </PmtId>
            <PmtTpInf>
                <SvcLvl>
                    <Cd>SEPA</Cd>
                </SvcLvl>
                <LclInstrm>
                    <Cd>CORE</Cd>
                </LclInstrm>
                <SeqTp>RCUR</SeqTp>
                <CtgyPurp>
                    <Cd>str1</Cd>
                </CtgyPurp>
            </PmtTpInf>
            <IntrBkSttlmAmt Ccy="EUR">12</IntrBkSttlmAmt>
            <ChrgBr>SLEV</ChrgBr>
            <ReqdColltnDt>2024-03-08</ReqdColltnDt>
            <DrctDbtTx>
                <MndtRltdInf>
                    <MndtId>41012</MndtId>
                    <DtOfSgntr>2024-03-08</DtOfSgntr>
                    <AmdmntInd>true</AmdmntInd>
                    <AmdmntInfDtls>
                        <OrgnlCdtrSchmeId>
                            <Nm>Vodafone Co</Nm>
                            <Id>
                                <PrvtId>
                                    <Othr>
                                        <Id>NL16ZZZ320750020000</Id>
                                        <SchmeNm>
                                            <Prtry>SEPA</Prtry>
                                        </SchmeNm>
                                    </Othr>
                                </PrvtId>
                            </Id>
                        </OrgnlCdtrSchmeId>
                        <OrgnlDbtrAcct>
                            <Id>
                                <IBAN>NL97NNBA2022645367</IBAN>
                            </Id>
                        </OrgnlDbtrAcct>
                    </AmdmntInfDtls>
                    <ElctrncSgntr>DIANA</ElctrncSgntr>
                </MndtRltdInf>
                <CdtrSchmeId>
                    <Id>
                        <PrvtId>
                            <Othr>
                                <Id>NL16ZZZ320750020000</Id>
                                <SchmeNm>
                                    <Prtry>SEPA</Prtry>
                                </SchmeNm>
                            </Othr>
                        </PrvtId>
                    </Id>
                </CdtrSchmeId>
            </DrctDbtTx>
            <Cdtr>
                <Nm>Vodafon Co</Nm>
                <PstlAdr>
                    <Ctry>NL</Ctry>
                    <AdrLine>s Gravenhof 2 D</AdrLine>
                    <AdrLine>7201 DN ZUTPHEN</AdrLine>
                </PstlAdr>
            </Cdtr>
            <CdtrAcct>
                <Id>
                    <IBAN>NL43INGB7777779928</IBAN>
                </Id>
            </CdtrAcct>
            <CdtrAgt>
                <FinInstnId>
                    <BICFI>INGBNL2A</BICFI>
                </FinInstnId>
            </CdtrAgt>
            <UltmtCdtr>
                <Nm>str1234</Nm>
                <PstlAdr>
                    <Dept>str1234</Dept>
                    <SubDept>str1234</SubDept>
                    <StrtNm>str1234</StrtNm>
                    <BldgNb>str1234</BldgNb>
                    <PstCd>str1234</PstCd>
                    <TwnNm>str1234</TwnNm>
                    <CtrySubDvsn>str1234</CtrySubDvsn>
                    <Ctry>NL</Ctry>
                </PstlAdr>
                <Id>
                    <OrgId>
                        <AnyBIC>INGBNL2A</AnyBIC>
                    </OrgId>
                </Id>
            </UltmtCdtr>
            <InstgAgt>
                <FinInstnId>
                    <BICFI>INGBNL2A</BICFI>
                </FinInstnId>
            </InstgAgt>
            <Dbtr>
                <Nm>D. Demir Halk Debtor</Nm>
            </Dbtr>
            <DbtrAcct>
                <Id>
                    <IBAN>NL97NNBA2022645367</IBAN>
                </Id>
            </DbtrAcct>
            <DbtrAgt>
                <FinInstnId>
                    <BICFI>NNBANL2G</BICFI>
                </FinInstnId>
            </DbtrAgt>
            <UltmtDbtr>
                <Nm>str1234</Nm>
                <PstlAdr>
                    <Dept>str1234</Dept>
                    <SubDept>str1234</SubDept>
                    <StrtNm>str1234</StrtNm>
                    <BldgNb>str1234</BldgNb>
                    <PstCd>str1234</PstCd>
                    <TwnNm>str1234</TwnNm>
                    <CtrySubDvsn>str1234</CtrySubDvsn>
                    <Ctry>NL</Ctry>
                </PstlAdr>
                <Id>
                    <OrgId>
                        <AnyBIC>NNBANL2G</AnyBIC>
                    </OrgId>
                </Id>
            </UltmtDbtr>
            <RmtInf>
                <Ustrd>Direct Debit Collection</Ustrd>
            </RmtInf>
        </DrctDbtTxInf>
        <DrctDbtTxInf>
            <PmtId>
                <InstrId>TPS000000000020240308T104854</InstrId>
                <EndToEndId>E2E20240308T104854</EndToEndId>
                <TxId>TXDIDI1A100811F20240308T104854</TxId>
            </PmtId>
            <PmtTpInf>
                <SvcLvl>
                    <Cd>SEPA</Cd>
                </SvcLvl>
                <LclInstrm>
                    <Cd>CORE</Cd>
                </LclInstrm>
                <SeqTp>RCUR</SeqTp>
                <CtgyPurp>
                    <Cd>str1</Cd>
                </CtgyPurp>
            </PmtTpInf>
            <IntrBkSttlmAmt Ccy="EUR">13</IntrBkSttlmAmt>
            <ChrgBr>SLEV</ChrgBr>
            <ReqdColltnDt>2024-03-08</ReqdColltnDt>
            <DrctDbtTx>
                <MndtRltdInf>
                    <MndtId>41013</MndtId>
                    <DtOfSgntr>2024-03-08</DtOfSgntr>
                    <AmdmntInd>true</AmdmntInd>
                    <AmdmntInfDtls>
                        <OrgnlCdtrSchmeId>
                            <Nm>Vodafone Co</Nm>
                            <Id>
                                <PrvtId>
                                    <Othr>
                                        <Id>NL16ZZZ320750020000</Id>
                                        <SchmeNm>
                                            <Prtry>SEPA</Prtry>
                                        </SchmeNm>
                                    </Othr>
                                </PrvtId>
                            </Id>
                        </OrgnlCdtrSchmeId>
                        <OrgnlDbtrAcct>
                            <Id>
                                <IBAN>NL02NNBA3188204897</IBAN>
                            </Id>
                        </OrgnlDbtrAcct>
                    </AmdmntInfDtls>
                    <ElctrncSgntr>DIANA</ElctrncSgntr>
                </MndtRltdInf>
                <CdtrSchmeId>
                    <Id>
                        <PrvtId>
                            <Othr>
                                <Id>NL16ZZZ320750020000</Id>
                                <SchmeNm>
                                    <Prtry>SEPA</Prtry>
                                </SchmeNm>
                            </Othr>
                        </PrvtId>
                    </Id>
                </CdtrSchmeId>
            </DrctDbtTx>
            <Cdtr>
                <Nm>Vodafon Co</Nm>
                <PstlAdr>
                    <Ctry>NL</Ctry>
                    <AdrLine>s Gravenhof 2 D</AdrLine>
                    <AdrLine>7201 DN ZUTPHEN</AdrLine>
                </PstlAdr>
            </Cdtr>
            <CdtrAcct>
                <Id>
                    <IBAN>ES3300190029114010023693</IBAN>
                </Id>
            </CdtrAcct>
            <CdtrAgt>
                <FinInstnId>
                    <BICFI>DEUTESBB</BICFI>
                </FinInstnId>
            </CdtrAgt>
            <UltmtCdtr>
                <Nm>str1234</Nm>
                <PstlAdr>
                    <Dept>str1234</Dept>
                    <SubDept>str1234</SubDept>
                    <StrtNm>str1234</StrtNm>
                    <BldgNb>str1234</BldgNb>
                    <PstCd>str1234</PstCd>
                    <TwnNm>str1234</TwnNm>
                    <CtrySubDvsn>str1234</CtrySubDvsn>
                    <Ctry>NL</Ctry>
                </PstlAdr>
                <Id>
                    <OrgId>
                        <AnyBIC>DEUTESBB</AnyBIC>
                    </OrgId>
                </Id>
            </UltmtCdtr>
            <InstgAgt>
                <FinInstnId>
                    <BICFI>DEUTESBB</BICFI>
                </FinInstnId>
            </InstgAgt>
            <Dbtr>
                <Nm>D. Demir Halk Debtor</Nm>
            </Dbtr>
            <DbtrAcct>
                <Id>
                    <IBAN>NL02NNBA3188204897</IBAN>
                </Id>
            </DbtrAcct>
            <DbtrAgt>
                <FinInstnId>
                    <BICFI>NNBANL2G</BICFI>
                </FinInstnId>
            </DbtrAgt>
            <UltmtDbtr>
                <Nm>str1234</Nm>
                <PstlAdr>
                    <Dept>str1234</Dept>
                    <SubDept>str1234</SubDept>
                    <StrtNm>str1234</StrtNm>
                    <BldgNb>str1234</BldgNb>
                    <PstCd>str1234</PstCd>
                    <TwnNm>str1234</TwnNm>
                    <CtrySubDvsn>str1234</CtrySubDvsn>
                    <Ctry>NL</Ctry>
                </PstlAdr>
                <Id>
                    <OrgId>
                        <AnyBIC>NNBANL2G</AnyBIC>
                    </OrgId>
                </Id>
            </UltmtDbtr>
            <RmtInf>
                <Ustrd>Direct Debit Collection</Ustrd>
            </RmtInf>
        </DrctDbtTxInf>
        <DrctDbtTxInf>
            <PmtId>
                <InstrId>TPS000000000020240308T104854</InstrId>
                <EndToEndId>E2E20240308T104854</EndToEndId>
                <TxId>TXDIDI1A100811F20240308T104854</TxId>
            </PmtId>
            <PmtTpInf>
                <SvcLvl>
                    <Cd>SEPA</Cd>
                </SvcLvl>
                <LclInstrm>
                    <Cd>CORE</Cd>
                </LclInstrm>
                <SeqTp>RCUR</SeqTp>
                <CtgyPurp>
                    <Cd>str1</Cd>
                </CtgyPurp>
            </PmtTpInf>
            <IntrBkSttlmAmt Ccy="EUR">14</IntrBkSttlmAmt>
            <ChrgBr>SLEV</ChrgBr>
            <ReqdColltnDt>2024-03-08</ReqdColltnDt>
            <DrctDbtTx>
                <MndtRltdInf>
                    <MndtId>84044</MndtId>
                    <DtOfSgntr>2024-03-08</DtOfSgntr>
                    <AmdmntInd>true</AmdmntInd>
                    <AmdmntInfDtls>
                        <OrgnlCdtrSchmeId>
                            <Nm>Vodafone Co</Nm>
                            <Id>
                                <PrvtId>
                                    <Othr>
                                        <Id>NL16ZZZ320750020000</Id>
                                        <SchmeNm>
                                            <Prtry>SEPA</Prtry>
                                        </SchmeNm>
                                    </Othr>
                                </PrvtId>
                            </Id>
                        </OrgnlCdtrSchmeId>
                        <OrgnlDbtrAcct>
                            <Id>
                                <IBAN>NL61NNBA0719053412</IBAN>
                            </Id>
                        </OrgnlDbtrAcct>
                    </AmdmntInfDtls>
                    <ElctrncSgntr>DIANA</ElctrncSgntr>
                </MndtRltdInf>
                <CdtrSchmeId>
                    <Id>
                        <PrvtId>
                            <Othr>
                                <Id>NL16ZZZ320750020000</Id>
                                <SchmeNm>
                                    <Prtry>SEPA</Prtry>
                                </SchmeNm>
                            </Othr>
                        </PrvtId>
                    </Id>
                </CdtrSchmeId>
            </DrctDbtTx>
            <Cdtr>
                <Nm>Vodafon Co</Nm>
                <PstlAdr>
                    <Ctry>NL</Ctry>
                    <AdrLine>s Gravenhof 2 D</AdrLine>
                    <AdrLine>7201 DN ZUTPHEN</AdrLine>
                </PstlAdr>
            </Cdtr>
            <CdtrAcct>
                <Id>
                    <IBAN>NL12RABO0100001213</IBAN>
                </Id>
            </CdtrAcct>
            <CdtrAgt>
                <FinInstnId>
                    <BICFI>RABONL2U</BICFI>
                </FinInstnId>
            </CdtrAgt>
            <UltmtCdtr>
                <Nm>str1234</Nm>
                <PstlAdr>
                    <Dept>str1234</Dept>
                    <SubDept>str1234</SubDept>
                    <StrtNm>str1234</StrtNm>
                    <BldgNb>str1234</BldgNb>
                    <PstCd>str1234</PstCd>
                    <TwnNm>str1234</TwnNm>
                    <CtrySubDvsn>str1234</CtrySubDvsn>
                    <Ctry>NL</Ctry>
                </PstlAdr>
                <Id>
                    <OrgId>
                        <AnyBIC>RABONL2U</AnyBIC>
                    </OrgId>
                </Id>
            </UltmtCdtr>
            <InstgAgt>
                <FinInstnId>
                    <BICFI>RABONL2U</BICFI>
                </FinInstnId>
            </InstgAgt>
            <Dbtr>
                <Nm>D. Demir Halk Debtor</Nm>
            </Dbtr>
            <DbtrAcct>
                <Id>
                    <IBAN>NL61NNBA0719053412</IBAN>
                </Id>
            </DbtrAcct>
            <DbtrAgt>
                <FinInstnId>
                    <BICFI>NNBANL2G</BICFI>
                </FinInstnId>
            </DbtrAgt>
            <UltmtDbtr>
                <Nm>str1234</Nm>
                <PstlAdr>
                    <Dept>str1234</Dept>
                    <SubDept>str1234</SubDept>
                    <StrtNm>str1234</StrtNm>
                    <BldgNb>str1234</BldgNb>
                    <PstCd>str1234</PstCd>
                    <TwnNm>str1234</TwnNm>
                    <CtrySubDvsn>str1234</CtrySubDvsn>
                    <Ctry>NL</Ctry>
                </PstlAdr>
                <Id>
                    <OrgId>
                        <AnyBIC>NNBANL2G</AnyBIC>
                    </OrgId>
                </Id>
            </UltmtDbtr>
            <RmtInf>
                <Ustrd>Direct Debit Collection</Ustrd>
            </RmtInf>
        </DrctDbtTxInf>
        <DrctDbtTxInf>
            <PmtId>
                <InstrId>TPS000000000020240308T104854</InstrId>
                <EndToEndId>E2E20240308T104854</EndToEndId>
                <TxId>TXDIDI1A100811F20240308T104854</TxId>
            </PmtId>
            <PmtTpInf>
                <SvcLvl>
                    <Cd>SEPA</Cd>
                </SvcLvl>
                <LclInstrm>
                    <Cd>CORE</Cd>
                </LclInstrm>
                <SeqTp>RCUR</SeqTp>
                <CtgyPurp>
                    <Cd>str1</Cd>
                </CtgyPurp>
            </PmtTpInf>
            <IntrBkSttlmAmt Ccy="EUR">15</IntrBkSttlmAmt>
            <ChrgBr>SLEV</ChrgBr>
            <ReqdColltnDt>2024-03-08</ReqdColltnDt>
            <DrctDbtTx>
                <MndtRltdInf>
                    <MndtId>41015</MndtId>
                    <DtOfSgntr>2024-03-08</DtOfSgntr>
                    <AmdmntInd>true</AmdmntInd>
                    <AmdmntInfDtls>
                        <OrgnlCdtrSchmeId>
                            <Nm>Vodafone Co</Nm>
                            <Id>
                                <PrvtId>
                                    <Othr>
                                        <Id>NL16ZZZ320750020000</Id>
                                        <SchmeNm>
                                            <Prtry>SEPA</Prtry>
                                        </SchmeNm>
                                    </Othr>
                                </PrvtId>
                            </Id>
                        </OrgnlCdtrSchmeId>
                        <OrgnlDbtrAcct>
                            <Id>
                                <IBAN>NL46NNBA4000000408</IBAN>
                            </Id>
                        </OrgnlDbtrAcct>
                    </AmdmntInfDtls>
                    <ElctrncSgntr>DIANA</ElctrncSgntr>
                </MndtRltdInf>
                <CdtrSchmeId>
                    <Id>
                        <PrvtId>
                            <Othr>
                                <Id>NL16ZZZ320750020000</Id>
                                <SchmeNm>
                                    <Prtry>SEPA</Prtry>
                                </SchmeNm>
                            </Othr>
                        </PrvtId>
                    </Id>
                </CdtrSchmeId>
            </DrctDbtTx>
            <Cdtr>
                <Nm>Vodafon Co</Nm>
                <PstlAdr>
                    <Ctry>NL</Ctry>
                    <AdrLine>s Gravenhof 2 D</AdrLine>
                    <AdrLine>7201 DN ZUTPHEN</AdrLine>
                </PstlAdr>
            </Cdtr>
            <CdtrAcct>
                <Id>
                    <IBAN>NL91ABNA0417164300</IBAN>
                </Id>
            </CdtrAcct>
            <CdtrAgt>
                <FinInstnId>
                    <BICFI>ABNANL2A</BICFI>
                </FinInstnId>
            </CdtrAgt>
            <UltmtCdtr>
                <Nm>str1234</Nm>
                <PstlAdr>
                    <Dept>str1234</Dept>
                    <SubDept>str1234</SubDept>
                    <StrtNm>str1234</StrtNm>
                    <BldgNb>str1234</BldgNb>
                    <PstCd>str1234</PstCd>
                    <TwnNm>str1234</TwnNm>
                    <CtrySubDvsn>str1234</CtrySubDvsn>
                    <Ctry>NL</Ctry>
                </PstlAdr>
                <Id>
                    <OrgId>
                        <AnyBIC>ABNANL2A</AnyBIC>
                    </OrgId>
                </Id>
            </UltmtCdtr>
            <InstgAgt>
                <FinInstnId>
                    <BICFI>ABNANL2A</BICFI>
                </FinInstnId>
            </InstgAgt>
            <Dbtr>
                <Nm>D. Demir Halk Debtor</Nm>
            </Dbtr>
            <DbtrAcct>
                <Id>
                    <IBAN>NL46NNBA4000000408</IBAN>
                </Id>
            </DbtrAcct>
            <DbtrAgt>
                <FinInstnId>
                    <BICFI>NNBANL2G</BICFI>
                </FinInstnId>
            </DbtrAgt>
            <UltmtDbtr>
                <Nm>str1234</Nm>
                <PstlAdr>
                    <Dept>str1234</Dept>
                    <SubDept>str1234</SubDept>
                    <StrtNm>str1234</StrtNm>
                    <BldgNb>str1234</BldgNb>
                    <PstCd>str1234</PstCd>
                    <TwnNm>str1234</TwnNm>
                    <CtrySubDvsn>str1234</CtrySubDvsn>
                    <Ctry>NL</Ctry>
                </PstlAdr>
                <Id>
                    <OrgId>
                        <AnyBIC>NNBANL2G</AnyBIC>
                    </OrgId>
                </Id>
            </UltmtDbtr>
            <RmtInf>
                <Ustrd>Direct Debit Collection incoming</Ustrd>
            </RmtInf>
        </DrctDbtTxInf>
        <DrctDbtTxInf>
            <PmtId>
                <InstrId>TPS000000000020240308T104854</InstrId>
                <EndToEndId>E2E20240308T104854</EndToEndId>
                <TxId>TXDIDI1A100811F20240308T104854</TxId>
            </PmtId>
            <PmtTpInf>
                <SvcLvl>
                    <Cd>SEPA</Cd>
                </SvcLvl>
                <LclInstrm>
                    <Cd>CORE</Cd>
                </LclInstrm>
                <SeqTp>RCUR</SeqTp>
                <CtgyPurp>
                    <Cd>str1</Cd>
                </CtgyPurp>
            </PmtTpInf>
            <IntrBkSttlmAmt Ccy="EUR">16</IntrBkSttlmAmt>
            <ChrgBr>SLEV</ChrgBr>
            <ReqdColltnDt>2024-03-08</ReqdColltnDt>
            <DrctDbtTx>
                <MndtRltdInf>
                    <MndtId>41016</MndtId>
                    <DtOfSgntr>2024-03-08</DtOfSgntr>
                    <AmdmntInd>true</AmdmntInd>
                    <AmdmntInfDtls>
                        <OrgnlCdtrSchmeId>
                            <Nm>Vodafone Co</Nm>
                            <Id>
                                <PrvtId>
                                    <Othr>
                                        <Id>NL16ZZZ320750020000</Id>
                                        <SchmeNm>
                                            <Prtry>SEPA</Prtry>
                                        </SchmeNm>
                                    </Othr>
                                </PrvtId>
                            </Id>
                        </OrgnlCdtrSchmeId>
                        <OrgnlDbtrAcct>
                            <Id>
                                <IBAN>NL21NNBA1000000567</IBAN>
                            </Id>
                        </OrgnlDbtrAcct>
                    </AmdmntInfDtls>
                    <ElctrncSgntr>DIANA</ElctrncSgntr>
                </MndtRltdInf>
                <CdtrSchmeId>
                    <Id>
                        <PrvtId>
                            <Othr>
                                <Id>NL16ZZZ320750020000</Id>
                                <SchmeNm>
                                    <Prtry>SEPA</Prtry>
                                </SchmeNm>
                            </Othr>
                        </PrvtId>
                    </Id>
                </CdtrSchmeId>
            </DrctDbtTx>
            <Cdtr>
                <Nm>Vodafon Co</Nm>
                <PstlAdr>
                    <Ctry>NL</Ctry>
                    <AdrLine>s Gravenhof 2 D</AdrLine>
                    <AdrLine>7201 DN ZUTPHEN</AdrLine>
                </PstlAdr>
            </Cdtr>
            <CdtrAcct>
                <Id>
                    <IBAN>NL91ABNA0417164300</IBAN>
                </Id>
            </CdtrAcct>
            <CdtrAgt>
                <FinInstnId>
                    <BICFI>ABNANL2A</BICFI>
                </FinInstnId>
            </CdtrAgt>
            <UltmtCdtr>
                <Nm>str1234</Nm>
                <PstlAdr>
                    <Dept>str1234</Dept>
                    <SubDept>str1234</SubDept>
                    <StrtNm>str1234</StrtNm>
                    <BldgNb>str1234</BldgNb>
                    <PstCd>str1234</PstCd>
                    <TwnNm>str1234</TwnNm>
                    <CtrySubDvsn>str1234</CtrySubDvsn>
                    <Ctry>NL</Ctry>
                </PstlAdr>
                <Id>
                    <OrgId>
                        <AnyBIC>ABNANL2A</AnyBIC>
                    </OrgId>
                </Id>
            </UltmtCdtr>
            <InstgAgt>
                <FinInstnId>
                    <BICFI>ABNANL2A</BICFI>
                </FinInstnId>
            </InstgAgt>
            <Dbtr>
                <Nm>D. Demir Halk Debtor</Nm>
            </Dbtr>
            <DbtrAcct>
                <Id>
                    <IBAN>NL21NNBA1000000567</IBAN>
                </Id>
            </DbtrAcct>
            <DbtrAgt>
                <FinInstnId>
                    <BICFI>NNBANL2G</BICFI>
                </FinInstnId>
            </DbtrAgt>
            <UltmtDbtr>
                <Nm>str1234</Nm>
                <PstlAdr>
                    <Dept>str1234</Dept>
                    <SubDept>str1234</SubDept>
                    <StrtNm>str1234</StrtNm>
                    <BldgNb>str1234</BldgNb>
                    <PstCd>str1234</PstCd>
                    <TwnNm>str1234</TwnNm>
                    <CtrySubDvsn>str1234</CtrySubDvsn>
                    <Ctry>NL</Ctry>
                </PstlAdr>
                <Id>
                    <OrgId>
                        <AnyBIC>RABONL2U</AnyBIC>
                    </OrgId>
                </Id>
            </UltmtDbtr>
            <RmtInf>
                <Ustrd>Direct Debit Collection incoming</Ustrd>
            </RmtInf>
        </DrctDbtTxInf>
        <DrctDbtTxInf>
            <PmtId>
                <InstrId>TPS000000000020240308T104854</InstrId>
                <EndToEndId>E2E20240308T104854</EndToEndId>
                <TxId>TXDIDI1A100811F20240308T104854</TxId>
            </PmtId>
            <PmtTpInf>
                <SvcLvl>
                    <Cd>SEPA</Cd>
                </SvcLvl>
                <LclInstrm>
                    <Cd>CORE</Cd>
                </LclInstrm>
                <SeqTp>RCUR</SeqTp>
                <CtgyPurp>
                    <Cd>str1</Cd>
                </CtgyPurp>
            </PmtTpInf>
            <IntrBkSttlmAmt Ccy="EUR">17</IntrBkSttlmAmt>
            <ChrgBr>SLEV</ChrgBr>
            <ReqdColltnDt>2024-03-08</ReqdColltnDt>
            <DrctDbtTx>
                <MndtRltdInf>
                    <MndtId>41017</MndtId>
                    <DtOfSgntr>2024-03-08</DtOfSgntr>
                    <AmdmntInd>true</AmdmntInd>
                    <AmdmntInfDtls>
                        <OrgnlCdtrSchmeId>
                            <Nm>Vodafone Co</Nm>
                            <Id>
                                <PrvtId>
                                    <Othr>
                                        <Id>NL16ZZZ320750020000</Id>
                                        <SchmeNm>
                                            <Prtry>SEPA</Prtry>
                                        </SchmeNm>
                                    </Othr>
                                </PrvtId>
                            </Id>
                        </OrgnlCdtrSchmeId>
                        <OrgnlDbtrAcct>
                            <Id>
                                <IBAN>NL14NNBA2040109771</IBAN>
                            </Id>
                        </OrgnlDbtrAcct>
                    </AmdmntInfDtls>
                    <ElctrncSgntr>DIANA</ElctrncSgntr>
                </MndtRltdInf>
                <CdtrSchmeId>
                    <Id>
                        <PrvtId>
                            <Othr>
                                <Id>NL16ZZZ320750020000</Id>
                                <SchmeNm>
                                    <Prtry>SEPA</Prtry>
                                </SchmeNm>
                            </Othr>
                        </PrvtId>
                    </Id>
                </CdtrSchmeId>
            </DrctDbtTx>
            <Cdtr>
                <Nm>Vodafon Co</Nm>
                <PstlAdr>
                    <Ctry>NL</Ctry>
                    <AdrLine>s Gravenhof 2 D</AdrLine>
                    <AdrLine>7201 DN ZUTPHEN</AdrLine>
                </PstlAdr>
            </Cdtr>
            <CdtrAcct>
                <Id>
                    <IBAN>NL91ABNA04171643100</IBAN>
                </Id>
            </CdtrAcct>
            <CdtrAgt>
                <FinInstnId>
                    <BICFI>ABNANL2A</BICFI>
                </FinInstnId>
            </CdtrAgt>
            <UltmtCdtr>
                <Nm>str1234</Nm>
                <PstlAdr>
                    <Dept>str1234</Dept>
                    <SubDept>str1234</SubDept>
                    <StrtNm>str1234</StrtNm>
                    <BldgNb>str1234</BldgNb>
                    <PstCd>str1234</PstCd>
                    <TwnNm>str1234</TwnNm>
                    <CtrySubDvsn>str1234</CtrySubDvsn>
                    <Ctry>NL</Ctry>
                </PstlAdr>
                <Id>
                    <OrgId>
                        <AnyBIC>ABNANL2A</AnyBIC>
                    </OrgId>
                </Id>
            </UltmtCdtr>
            <InstgAgt>
                <FinInstnId>
                    <BICFI>ABNANL2A</BICFI>
                </FinInstnId>
            </InstgAgt>
            <Dbtr>
                <Nm>D. Demir Halk Debtor</Nm>
            </Dbtr>
            <DbtrAcct>
                <Id>
                    <IBAN>NL14NNBA2040109771</IBAN>
                </Id>
            </DbtrAcct>
            <DbtrAgt>
                <FinInstnId>
                    <BICFI>NNBANL2G</BICFI>
                </FinInstnId>
            </DbtrAgt>
            <UltmtDbtr>
                <Nm>str1234</Nm>
                <PstlAdr>
                    <Dept>str1234</Dept>
                    <SubDept>str1234</SubDept>
                    <StrtNm>str1234</StrtNm>
                    <BldgNb>str1234</BldgNb>
                    <PstCd>str1234</PstCd>
                    <TwnNm>str1234</TwnNm>
                    <CtrySubDvsn>str1234</CtrySubDvsn>
                    <Ctry>NL</Ctry>
                </PstlAdr>
                <Id>
                    <OrgId>
                        <AnyBIC>NNBANL2G</AnyBIC>
                    </OrgId>
                </Id>
            </UltmtDbtr>
            <RmtInf>
                <Ustrd>Direct Debit Collection</Ustrd>
            </RmtInf>
        </DrctDbtTxInf>
        <DrctDbtTxInf>
            <PmtId>
                <InstrId>TPS000000000020240308T104854</InstrId>
                <EndToEndId>E2E20240308T104854</EndToEndId>
                <TxId>TXDIDI1A100811F20240308T104854</TxId>
            </PmtId>
            <PmtTpInf>
                <SvcLvl>
                    <Cd>SEPA</Cd>
                </SvcLvl>
                <LclInstrm>
                    <Cd>CORE</Cd>
                </LclInstrm>
                <SeqTp>RCUR</SeqTp>
                <CtgyPurp>
                    <Cd>str1</Cd>
                </CtgyPurp>
            </PmtTpInf>
            <IntrBkSttlmAmt Ccy="EUR">18</IntrBkSttlmAmt>
            <ChrgBr>SLEV</ChrgBr>
            <ReqdColltnDt>2024-03-08</ReqdColltnDt>
            <DrctDbtTx>
                <MndtRltdInf>
                    <MndtId>41018</MndtId>
                    <DtOfSgntr>2024-03-08</DtOfSgntr>
                    <AmdmntInd>true</AmdmntInd>
                    <AmdmntInfDtls>
                        <OrgnlCdtrSchmeId>
                            <Nm>Vodafone Co</Nm>
                            <Id>
                                <PrvtId>
                                    <Othr>
                                        <Id>NL16ZZZ320750020000</Id>
                                        <SchmeNm>
                                            <Prtry>SEPA</Prtry>
                                        </SchmeNm>
                                    </Othr>
                                </PrvtId>
                            </Id>
                        </OrgnlCdtrSchmeId>
                        <OrgnlDbtrAcct>
                            <Id>
                                <IBAN>NL23NNBA3191667031</IBAN>
                            </Id>
                        </OrgnlDbtrAcct>
                    </AmdmntInfDtls>
                    <ElctrncSgntr>DIANA</ElctrncSgntr>
                </MndtRltdInf>
                <CdtrSchmeId>
                    <Id>
                        <PrvtId>
                            <Othr>
                                <Id>NL16ZZZ320750020000</Id>
                                <SchmeNm>
                                    <Prtry>SEPA</Prtry>
                                </SchmeNm>
                            </Othr>
                        </PrvtId>
                    </Id>
                </CdtrSchmeId>
            </DrctDbtTx>
            <Cdtr>
                <Nm>Vodafon Co</Nm>
                <PstlAdr>
                    <Ctry>NL</Ctry>
                    <AdrLine>s Gravenhof 2 D</AdrLine>
                    <AdrLine>7201 DN ZUTPHEN</AdrLine>
                </PstlAdr>
            </Cdtr>
            <CdtrAcct>
                <Id>
                    <IBAN>NL43INGB7777779928</IBAN>
                </Id>
            </CdtrAcct>
            <CdtrAgt>
                <FinInstnId>
                    <BICFI>INGBNL2A</BICFI>
                </FinInstnId>
            </CdtrAgt>
            <UltmtCdtr>
                <Nm>str1234</Nm>
                <PstlAdr>
                    <Dept>str1234</Dept>
                    <SubDept>str1234</SubDept>
                    <StrtNm>str1234</StrtNm>
                    <BldgNb>str1234</BldgNb>
                    <PstCd>str1234</PstCd>
                    <TwnNm>str1234</TwnNm>
                    <CtrySubDvsn>str1234</CtrySubDvsn>
                    <Ctry>NL</Ctry>
                </PstlAdr>
                <Id>
                    <OrgId>
                        <AnyBIC>INGBNL2A</AnyBIC>
                    </OrgId>
                </Id>
            </UltmtCdtr>
            <InstgAgt>
                <FinInstnId>
                    <BICFI>INGBNL2A</BICFI>
                </FinInstnId>
            </InstgAgt>
            <Dbtr>
                <Nm>D. Demir Halk Debtor</Nm>
            </Dbtr>
            <DbtrAcct>
                <Id>
                    <IBAN>NL23NNBA3191667031</IBAN>
                </Id>
            </DbtrAcct>
            <DbtrAgt>
                <FinInstnId>
                    <BICFI>NNBANL2G</BICFI>
                </FinInstnId>
            </DbtrAgt>
            <UltmtDbtr>
                <Nm>str1234</Nm>
                <PstlAdr>
                    <Dept>str1234</Dept>
                    <SubDept>str1234</SubDept>
                    <StrtNm>str1234</StrtNm>
                    <BldgNb>str1234</BldgNb>
                    <PstCd>str1234</PstCd>
                    <TwnNm>str1234</TwnNm>
                    <CtrySubDvsn>str1234</CtrySubDvsn>
                    <Ctry>NL</Ctry>
                </PstlAdr>
                <Id>
                    <OrgId>
                        <AnyBIC>NNBANL2G</AnyBIC>
                    </OrgId>
                </Id>
            </UltmtDbtr>
            <RmtInf>
                <Ustrd>Direct Debit Collection</Ustrd>
            </RmtInf>
        </DrctDbtTxInf>
        <DrctDbtTxInf>
            <PmtId>
                <InstrId>TPS000000000020240308T104854</InstrId>
                <EndToEndId>E2E20240308T104854</EndToEndId>
                <TxId>TXDIDI1A100911F20240308T104854</TxId>
            </PmtId>
            <PmtTpInf>
                <SvcLvl>
                    <Cd>SEPA</Cd>
                </SvcLvl>
                <LclInstrm>
                    <Cd>CORE</Cd>
                </LclInstrm>
                <SeqTp>RCUR</SeqTp>
                <CtgyPurp>
                    <Cd>str1</Cd>
                </CtgyPurp>
            </PmtTpInf>
            <IntrBkSttlmAmt Ccy="EUR">19</IntrBkSttlmAmt>
            <ChrgBr>SLEV</ChrgBr>
            <ReqdColltnDt>2024-03-08</ReqdColltnDt>
            <DrctDbtTx>
                <MndtRltdInf>
                    <MndtId>41019</MndtId>
                    <DtOfSgntr>2024-03-08</DtOfSgntr>
                    <AmdmntInd>true</AmdmntInd>
                    <AmdmntInfDtls>
                        <OrgnlCdtrSchmeId>
                            <Nm>Vodafone Co</Nm>
                            <Id>
                                <PrvtId>
                                    <Othr>
                                        <Id>NL16ZZZ320750020000</Id>
                                        <SchmeNm>
                                            <Prtry>SEPA</Prtry>
                                        </SchmeNm>
                                    </Othr>
                                </PrvtId>
                            </Id>
                        </OrgnlCdtrSchmeId>
                        <OrgnlDbtrAcct>
                            <Id>
                                <IBAN>NL97NNBA2022123456</IBAN>
                            </Id>
                        </OrgnlDbtrAcct>
                    </AmdmntInfDtls>
                    <ElctrncSgntr>DIANA</ElctrncSgntr>
                </MndtRltdInf>
                <CdtrSchmeId>
                    <Id>
                        <PrvtId>
                            <Othr>
                                <Id>NL16ZZZ320750020000</Id>
                                <SchmeNm>
                                    <Prtry>SEPA</Prtry>
                                </SchmeNm>
                            </Othr>
                        </PrvtId>
                    </Id>
                </CdtrSchmeId>
            </DrctDbtTx>
            <Cdtr>
                <Nm>Vodafon Co</Nm>
                <PstlAdr>
                    <Ctry>NL</Ctry>
                    <AdrLine>s Gravenhof 2 D</AdrLine>
                    <AdrLine>7201 DN ZUTPHEN</AdrLine>
                </PstlAdr>
            </Cdtr>
            <CdtrAcct>
                <Id>
                    <IBAN>ES3300190029114010023693</IBAN>
                </Id>
            </CdtrAcct>
            <CdtrAgt>
                <FinInstnId>
                    <BICFI>DEUTESBB</BICFI>
                </FinInstnId>
            </CdtrAgt>
            <UltmtCdtr>
                <Nm>str1234</Nm>
                <PstlAdr>
                    <Dept>str1234</Dept>
                    <SubDept>str1234</SubDept>
                    <StrtNm>str1234</StrtNm>
                    <BldgNb>str1234</BldgNb>
                    <PstCd>str1234</PstCd>
                    <TwnNm>str1234</TwnNm>
                    <CtrySubDvsn>str1234</CtrySubDvsn>
                    <Ctry>NL</Ctry>
                </PstlAdr>
                <Id>
                    <OrgId>
                        <AnyBIC>DEUTESBB</AnyBIC>
                    </OrgId>
                </Id>
            </UltmtCdtr>
            <InstgAgt>
                <FinInstnId>
                    <BICFI>DEUTESBB</BICFI>
                </FinInstnId>
            </InstgAgt>
            <Dbtr>
                <Nm>D. Demir Halk Debtor</Nm>
            </Dbtr>
            <DbtrAcct>
                <Id>
                    <IBAN>NL97NNBA2022123456</IBAN>
                </Id>
            </DbtrAcct>
            <DbtrAgt>
                <FinInstnId>
                    <BICFI>NNBANL2G</BICFI>
                </FinInstnId>
            </DbtrAgt>
            <UltmtDbtr>
                <Nm>str1234</Nm>
                <PstlAdr>
                    <Dept>str1234</Dept>
                    <SubDept>str1234</SubDept>
                    <StrtNm>str1234</StrtNm>
                    <BldgNb>str1234</BldgNb>
                    <PstCd>str1234</PstCd>
                    <TwnNm>str1234</TwnNm>
                    <CtrySubDvsn>str1234</CtrySubDvsn>
                    <Ctry>NL</Ctry>
                </PstlAdr>
                <Id>
                    <OrgId>
                        <AnyBIC>NNBANL2G</AnyBIC>
                    </OrgId>
                </Id>
            </UltmtDbtr>
            <RmtInf>
                <Ustrd>Direct Debit Collection</Ustrd>
            </RmtInf>
        </DrctDbtTxInf>
        <DrctDbtTxInf>
            <PmtId>
                <InstrId>TPS000000000020240308T104854</InstrId>
                <EndToEndId>E2E20240308T104854</EndToEndId>
                <TxId>TXDIDI1A1001011F20240308T104854</TxId>
            </PmtId>
            <PmtTpInf>
                <SvcLvl>
                    <Cd>SEPA</Cd>
                </SvcLvl>
                <LclInstrm>
                    <Cd>CORE</Cd>
                </LclInstrm>
                <SeqTp>RCUR</SeqTp>
                <CtgyPurp>
                    <Cd>str1</Cd>
                </CtgyPurp>
            </PmtTpInf>
            <IntrBkSttlmAmt Ccy="EUR">20</IntrBkSttlmAmt>
            <ChrgBr>SLEV</ChrgBr>
            <ReqdColltnDt>2024-03-08</ReqdColltnDt>
            <DrctDbtTx>
                <MndtRltdInf>
                    <MndtId>41014</MndtId>
                    <DtOfSgntr>2024-03-08</DtOfSgntr>
                    <AmdmntInd>true</AmdmntInd>
                    <AmdmntInfDtls>
                        <OrgnlCdtrSchmeId>
                            <Nm>Vodafone Co</Nm>
                            <Id>
                                <PrvtId>
                                    <Othr>
                                        <Id>NL16ZZZ320750020000</Id>
                                        <SchmeNm>
                                            <Prtry>SEPA</Prtry>
                                        </SchmeNm>
                                    </Othr>
                                </PrvtId>
                            </Id>
                        </OrgnlCdtrSchmeId>
                        <OrgnlDbtrAcct>
                            <Id>
                                <IBAN>NL21NNBA1000000567</IBAN>
                            </Id>
                        </OrgnlDbtrAcct>
                    </AmdmntInfDtls>
                    <ElctrncSgntr>DIANA</ElctrncSgntr>
                </MndtRltdInf>
                <CdtrSchmeId>
                    <Id>
                        <PrvtId>
                            <Othr>
                                <Id>NL16ZZZ320750020000</Id>
                                <SchmeNm>
                                    <Prtry>SEPA</Prtry>
                                </SchmeNm>
                            </Othr>
                        </PrvtId>
                    </Id>
                </CdtrSchmeId>
            </DrctDbtTx>
            <Cdtr>
                <Nm>Vodafon Co</Nm>
                <PstlAdr>
                    <Ctry>NL</Ctry>
                    <AdrLine>s Gravenhof 2 D</AdrLine>
                    <AdrLine>7201 DN ZUTPHEN</AdrLine>
                </PstlAdr>
            </Cdtr>
            <CdtrAcct>
                <Id>
                    <IBAN>NL91ABNA0417164300</IBAN>
                </Id>
            </CdtrAcct>
            <CdtrAgt>
                <FinInstnId>
                    <BICFI>ABNANL2A</BICFI>
                </FinInstnId>
            </CdtrAgt>
            <UltmtCdtr>
                <Nm>str1234</Nm>
                <PstlAdr>
                    <Dept>str1234</Dept>
                    <SubDept>str1234</SubDept>
                    <StrtNm>str1234</StrtNm>
                    <BldgNb>str1234</BldgNb>
                    <PstCd>str1234</PstCd>
                    <TwnNm>str1234</TwnNm>
                    <CtrySubDvsn>str1234</CtrySubDvsn>
                    <Ctry>NL</Ctry>
                </PstlAdr>
                <Id>
                    <OrgId>
                        <AnyBIC>ABNANL2A</AnyBIC>
                    </OrgId>
                </Id>
            </UltmtCdtr>
            <InstgAgt>
                <FinInstnId>
                    <BICFI>ABNANL2A</BICFI>
                </FinInstnId>
            </InstgAgt>
            <Dbtr>
                <Nm>D. Demir Halk Debtor</Nm>
            </Dbtr>
            <DbtrAcct>
                <Id>
                    <IBAN>NL21NNBA1000000567</IBAN>
                </Id>
            </DbtrAcct>
            <DbtrAgt>
                <FinInstnId>
                    <BICFI>NNBANL2G</BICFI>
                </FinInstnId>
            </DbtrAgt>
            <UltmtDbtr>
                <Nm>str1234</Nm>
                <PstlAdr>
                    <Dept>str1234</Dept>
                    <SubDept>str1234</SubDept>
                    <StrtNm>str1234</StrtNm>
                    <BldgNb>str1234</BldgNb>
                    <PstCd>str1234</PstCd>
                    <TwnNm>str1234</TwnNm>
                    <CtrySubDvsn>str1234</CtrySubDvsn>
                    <Ctry>NL</Ctry>
                </PstlAdr>
                <Id>
                    <OrgId>
                        <AnyBIC>NNBANL2G</AnyBIC>
                    </OrgId>
                </Id>
            </UltmtDbtr>
            <RmtInf>
                <Ustrd>Direct Debit Collection incoming</Ustrd>
            </RmtInf>
        </DrctDbtTxInf>
    </FIToFICstmrDrctDbt>
</Document>
