<Document xmlns="urn:iso:std:iso:20022:tech:xsd:pain.008.001.08" xmlns:xsi="http://www.w3.org/2001/XMLSchema-instance">
    <CstmrDrctDbtInitn>
        <GrpHdr>
            <MsgId>EP1584120240308T104935</MsgId>
            <CreDtTm>2024-03-08T10:49:35</CreDtTm>
            <NbOfTxs>5</NbOfTxs>
            <CtrlSum>166</CtrlSum>
            <InitgPty>
                <Nm>Poor Bank</Nm>
                <PstlAdr>
                    <Dept>Bank</Dept>
                    <SubDept>Payments</SubDept>
                    <StrtNm>Milkyway</StrtNm>
                    <BldgNb>35</BldgNb>
                    <BldgNm>Haagsepoort</BldgNm>
                    <Flr>10</Flr>
                    <PstBx>1000</PstBx>
                    <Room>D</Room>
                    <PstCd>2595AK</PstCd>
                    <TwnNm>Den Haag</TwnNm>
                    <TwnLctnNm>Muziekbuurt</TwnLctnNm>
                    <DstrctNm>Rijswijk</DstrctNm>
                    <CtrySubDvsn>Zuid-Holland</CtrySubDvsn>
                    <Ctry>NL</Ctry>
                </PstlAdr>
                <Id>
                    <OrgId>
                        <AnyBIC>NNBANL2G</AnyBIC>
                    </OrgId>
                </Id>
            </InitgPty>
        </GrpHdr>
        <PmtInf>
            <PmtInfId>7012280</PmtInfId>
            <PmtMtd>DD</PmtMtd>
            <BtchBookg>false</BtchBookg>
            <NbOfTxs>1</NbOfTxs>
            <CtrlSum>31</CtrlSum>
            <PmtTpInf>
                <SvcLvl>
                    <Cd>SEPA</Cd>
                </SvcLvl>
                <LclInstrm>
                    <Cd>CORE</Cd>
                </LclInstrm>
                <SeqTp>RCUR</SeqTp>
            </PmtTpInf>
            <ReqdColltnDt>2024-03-09</ReqdColltnDt>
            <Cdtr>
                <Nm>Pxcyoixxs Psusvxxiusi Zxih</Nm>
                <PstlAdr>
                    <Dept>Bank</Dept>
                    <SubDept>Payments</SubDept>
                    <StrtNm>Milkyway</StrtNm>
                    <BldgNb>35</BldgNb>
                    <BldgNm>Haagsepoort</BldgNm>
                    <Flr>10</Flr>
                    <PstBx>1000</PstBx>
                    <Room>D</Room>
                    <PstCd>2595AK</PstCd>
                    <TwnNm>Den Haag</TwnNm>
                    <TwnLctnNm>Muziekbuurt</TwnLctnNm>
                    <DstrctNm>Rijswijk</DstrctNm>
                    <CtrySubDvsn>Zuid-Holland</CtrySubDvsn>
                    <Ctry>NL</Ctry>
                </PstlAdr>
            </Cdtr>
            <CdtrAcct>
                <Id>
                    <IBAN>NL61NNBA0719053412</IBAN>
                </Id>
            </CdtrAcct>
            <CdtrAgt>
                <FinInstnId>
                    <BICFI>NNBANL2G</BICFI>
                </FinInstnId>
            </CdtrAgt>
            <ChrgBr>SLEV</ChrgBr>
            <CdtrSchmeId>
                <Id>
                    <PrvtId>
                        <Othr>
                            <Id>NL47ZZZ524034240000</Id>
                            <SchmeNm>
                                <Prtry>SEPA</Prtry>
                            </SchmeNm>
                        </Othr>
                    </PrvtId>
                </Id>
            </CdtrSchmeId>
            <DrctDbtTxInf>
                <PmtId>
                    <EndToEndId>77012280</EndToEndId>
                </PmtId>
                <InstdAmt Ccy="EUR">31</InstdAmt>
                <DrctDbtTx>
                    <MndtRltdInf>
                        <MndtId>41010</MndtId>
                        <DtOfSgntr>2024-03-09</DtOfSgntr>
                        <AmdmntInd>false</AmdmntInd>
                    </MndtRltdInf>
                    <CdtrSchmeId>
                        <Id>
                            <PrvtId>
                                <Othr>
                                    <Id>NL47ZZZ524034240000</Id>
                                    <SchmeNm>
                                        <Prtry>SEPA</Prtry>
                                    </SchmeNm>
                                </Othr>
                            </PrvtId>
                        </Id>
                    </CdtrSchmeId>
                </DrctDbtTx>
                <DbtrAgt>
                    <FinInstnId>
                        <BICFI>RABONL2U</BICFI>
                    </FinInstnId>
                </DbtrAgt>
                <Dbtr>
                    <Nm>T. Vsnmsno s/n Q.A.Q. Awmmzwzo</Nm>
                </Dbtr>
                <DbtrAcct>
                    <Id>
                        <IBAN>NL12RABO0100001213</IBAN>
                    </Id>
                </DbtrAcct>
                <RmtInf>
                    <Ustrd>Qucpaaf pukeg KIA</Ustrd>
                </RmtInf>
            </DrctDbtTxInf>
        </PmtInf>
        <PmtInf>
            <PmtInfId>7012281</PmtInfId>
            <PmtMtd>DD</PmtMtd>
            <BtchBookg>false</BtchBookg>
            <NbOfTxs>1</NbOfTxs>
            <CtrlSum>32</CtrlSum>
            <PmtTpInf>
                <SvcLvl>
                    <Cd>SEPA</Cd>
                </SvcLvl>
                <LclInstrm>
                    <Cd>CORE</Cd>
                </LclInstrm>
                <SeqTp>RCUR</SeqTp>
            </PmtTpInf>
            <ReqdColltnDt>2024-03-09</ReqdColltnDt>
            <Cdtr>
                <Nm>Pxcyoixxs Psusvxxiusi Zxih</Nm>
                <PstlAdr>
                    <Dept>Bank</Dept>
                    <SubDept>Payments</SubDept>
                    <StrtNm>Milkyway</StrtNm>
                    <BldgNb>35</BldgNb>
                    <BldgNm>Haagsepoort</BldgNm>
                    <Flr>10</Flr>
                    <PstBx>1000</PstBx>
                    <Room>D</Room>
                    <PstCd>2595AK</PstCd>
                    <TwnNm>Den Haag</TwnNm>
                    <TwnLctnNm>Muziekbuurt</TwnLctnNm>
                    <DstrctNm>Rijswijk</DstrctNm>
                    <CtrySubDvsn>Zuid-Holland</CtrySubDvsn>
                    <Ctry>NL</Ctry>
                </PstlAdr>
            </Cdtr>
            <CdtrAcct>
                <Id>
                    <IBAN>NL97NNBA2022645367</IBAN>
                </Id>
            </CdtrAcct>
            <CdtrAgt>
                <FinInstnId>
                    <BICFI>NNBANL2G</BICFI>
                </FinInstnId>
            </CdtrAgt>
            <ChrgBr>SLEV</ChrgBr>
            <CdtrSchmeId>
                <Id>
                    <PrvtId>
                        <Othr>
                            <Id>NL47ZZZ524034240000</Id>
                            <SchmeNm>
                                <Prtry>SEPA</Prtry>
                            </SchmeNm>
                        </Othr>
                    </PrvtId>
                </Id>
            </CdtrSchmeId>
            <DrctDbtTxInf>
                <PmtId>
                    <EndToEndId>77012281</EndToEndId>
                </PmtId>
                <InstdAmt Ccy="EUR">32</InstdAmt>
                <DrctDbtTx>
                    <MndtRltdInf>
                        <MndtId>41011</MndtId>
                        <DtOfSgntr>2024-03-09</DtOfSgntr>
                        <AmdmntInd>false</AmdmntInd>
                    </MndtRltdInf>
                    <CdtrSchmeId>
                        <Id>
                            <PrvtId>
                                <Othr>
                                    <Id>NL47ZZZ524034240000</Id>
                                    <SchmeNm>
                                        <Prtry>SEPA</Prtry>
                                    </SchmeNm>
                                </Othr>
                            </PrvtId>
                        </Id>
                    </CdtrSchmeId>
                </DrctDbtTx>
                <DbtrAgt>
                    <FinInstnId>
                        <BICFI>INGBNL2A</BICFI>
                    </FinInstnId>
                </DbtrAgt>
                <Dbtr>
                    <Nm>T. Vsnmsno s/n Q.A.Q. Awmmzwzo</Nm>
                </Dbtr>
                <DbtrAcct>
                    <Id>
                        <IBAN>NL43INGB7777779928</IBAN>
                    </Id>
                </DbtrAcct>
                <RmtInf>
                    <Ustrd>Qucpaaf pukeg KIA</Ustrd>
                </RmtInf>
            </DrctDbtTxInf>
        </PmtInf>
        <PmtInf>
            <PmtInfId>7012282</PmtInfId>
            <PmtMtd>DD</PmtMtd>
            <BtchBookg>false</BtchBookg>
            <NbOfTxs>1</NbOfTxs>
            <CtrlSum>40</CtrlSum>
            <PmtTpInf>
                <SvcLvl>
                    <Cd>SEPA</Cd>
                </SvcLvl>
                <LclInstrm>
                    <Cd>CORE</Cd>
                </LclInstrm>
                <SeqTp>RCUR</SeqTp>
            </PmtTpInf>
            <ReqdColltnDt>2024-03-09</ReqdColltnDt>
            <Cdtr>
                <Nm>Pxcyoixxs Psusvxxiusi Zxih</Nm>
                <PstlAdr>
                    <Dept>Bank</Dept>
                    <SubDept>Payments</SubDept>
                    <StrtNm>Milkyway</StrtNm>
                    <BldgNb>35</BldgNb>
                    <BldgNm>Haagsepoort</BldgNm>
                    <Flr>10</Flr>
                    <PstBx>1000</PstBx>
                    <Room>D</Room>
                    <PstCd>2595AK</PstCd>
                    <TwnNm>Den Haag</TwnNm>
                    <TwnLctnNm>Muziekbuurt</TwnLctnNm>
                    <DstrctNm>Rijswijk</DstrctNm>
                    <CtrySubDvsn>Zuid-Holland</CtrySubDvsn>
                    <Ctry>NL</Ctry>
                </PstlAdr>
            </Cdtr>
            <CdtrAcct>
                <Id>
                    <IBAN>NL02NNBA3188204897</IBAN>
                </Id>
            </CdtrAcct>
            <CdtrAgt>
                <FinInstnId>
                    <BICFI>NNBANL2G</BICFI>
                </FinInstnId>
            </CdtrAgt>
            <ChrgBr>SLEV</ChrgBr>
            <CdtrSchmeId>
                <Id>
                    <PrvtId>
                        <Othr>
                            <Id>NL47ZZZ524034240000</Id>
                            <SchmeNm>
                                <Prtry>SEPA</Prtry>
                            </SchmeNm>
                        </Othr>
                    </PrvtId>
                </Id>
            </CdtrSchmeId>
            <DrctDbtTxInf>
                <PmtId>
                    <EndToEndId>77012282</EndToEndId>
                </PmtId>
                <InstdAmt Ccy="EUR">33</InstdAmt>
                <DrctDbtTx>
                    <MndtRltdInf>
                        <MndtId>41012</MndtId>
                        <DtOfSgntr>2024-03-09</DtOfSgntr>
                        <AmdmntInd>false</AmdmntInd>
                    </MndtRltdInf>
                    <CdtrSchmeId>
                        <Id>
                            <PrvtId>
                                <Othr>
                                    <Id>NL47ZZZ524034240000</Id>
                                    <SchmeNm>
                                        <Prtry>SEPA</Prtry>
                                    </SchmeNm>
                                </Othr>
                            </PrvtId>
                        </Id>
                    </CdtrSchmeId>
                </DrctDbtTx>
                <DbtrAgt>
                    <FinInstnId>
                        <BICFI>DEUTESBB</BICFI>
                    </FinInstnId>
                </DbtrAgt>
                <Dbtr>
                    <Nm>T. Vsnmsno s/n Q.A.Q. Awmmzwzo</Nm>
                </Dbtr>
                <DbtrAcct>
                    <Id>
                        <IBAN>ES3300190029114010023693</IBAN>
                    </Id>
                </DbtrAcct>
                <RmtInf>
                    <Ustrd>Qucpaaf pukeg KIA</Ustrd>
                </RmtInf>
            </DrctDbtTxInf>
        </PmtInf>
        <PmtInf>
            <PmtInfId>7012283</PmtInfId>
            <PmtMtd>DD</PmtMtd>
            <BtchBookg>false</BtchBookg>
            <NbOfTxs>1</NbOfTxs>
            <CtrlSum>30</CtrlSum>
            <PmtTpInf>
                <SvcLvl>
                    <Cd>SEPA</Cd>
                </SvcLvl>
                <LclInstrm>
                    <Cd>CORE</Cd>
                </LclInstrm>
                <SeqTp>RCUR</SeqTp>
            </PmtTpInf>
            <ReqdColltnDt>2024-03-09</ReqdColltnDt>
            <Cdtr>
                <Nm>Pxcyoixxs Psusvxxiusi Zxih</Nm>
                <PstlAdr>
                    <Dept>Bank</Dept>
                    <SubDept>Payments</SubDept>
                    <StrtNm>Milkyway</StrtNm>
                    <BldgNb>35</BldgNb>
                    <BldgNm>Haagsepoort</BldgNm>
                    <Flr>10</Flr>
                    <PstBx>1000</PstBx>
                    <Room>D</Room>
                    <PstCd>2595AK</PstCd>
                    <TwnNm>Den Haag</TwnNm>
                    <TwnLctnNm>Muziekbuurt</TwnLctnNm>
                    <DstrctNm>Rijswijk</DstrctNm>
                    <CtrySubDvsn>Zuid-Holland</CtrySubDvsn>
                    <Ctry>NL</Ctry>
                </PstlAdr>
            </Cdtr>
            <CdtrAcct>
                <Id>
                    <IBAN>NL21NNBA1000000567</IBAN>
                </Id>
            </CdtrAcct>
            <CdtrAgt>
                <FinInstnId>
                    <BICFI>NNBANL2G</BICFI>
                </FinInstnId>
            </CdtrAgt>
            <ChrgBr>SLEV</ChrgBr>
            <CdtrSchmeId>
                <Id>
                    <PrvtId>
                        <Othr>
                            <Id>NL47ZZZ524034240000</Id>
                            <SchmeNm>
                                <Prtry>SEPA</Prtry>
                            </SchmeNm>
                        </Othr>
                    </PrvtId>
                </Id>
            </CdtrSchmeId>
            <DrctDbtTxInf>
                <PmtId>
                    <EndToEndId>77012283</EndToEndId>
                </PmtId>
                <InstdAmt Ccy="EUR">30</InstdAmt>
                <DrctDbtTx>
                    <MndtRltdInf>
                        <MndtId>41013</MndtId>
                        <DtOfSgntr>2024-03-09</DtOfSgntr>
                        <AmdmntInd>false</AmdmntInd>
                    </MndtRltdInf>
                    <CdtrSchmeId>
                        <Id>
                            <PrvtId>
                                <Othr>
                                    <Id>NL47ZZZ524034240000</Id>
                                    <SchmeNm>
                                        <Prtry>SEPA</Prtry>
                                    </SchmeNm>
                                </Othr>
                            </PrvtId>
                        </Id>
                    </CdtrSchmeId>
                </DrctDbtTx>
                <DbtrAgt>
                    <FinInstnId>
                        <BICFI>ABNANL2A</BICFI>
                    </FinInstnId>
                </DbtrAgt>
                <Dbtr>
                    <Nm>T. Vsnmsno s/n Q.A.Q. Awmmzwzo</Nm>
                </Dbtr>
                <DbtrAcct>
                    <Id>
                        <IBAN>NL91ABNA0417164300</IBAN>
                    </Id>
                </DbtrAcct>
                <RmtInf>
                    <Ustrd>Qucpaaf pukeg KIA</Ustrd>
                </RmtInf>
            </DrctDbtTxInf>
        </PmtInf>
        <PmtInf>
            <PmtInfId>7012284</PmtInfId>
            <PmtMtd>DD</PmtMtd>
            <BtchBookg>false</BtchBookg>
            <NbOfTxs>1</NbOfTxs>
            <CtrlSum>40</CtrlSum>
            <PmtTpInf>
                <SvcLvl>
                    <Cd>SEPA</Cd>
                </SvcLvl>
                <LclInstrm>
                    <Cd>CORE</Cd>
                </LclInstrm>
                <SeqTp>RCUR</SeqTp>
            </PmtTpInf>
            <ReqdColltnDt>2024-03-09</ReqdColltnDt>
            <Cdtr>
                <Nm>Pxcyoixxs Psusvxxiusi Zxih</Nm>
                <PstlAdr>
                    <Dept>Bank</Dept>
                    <SubDept>Payments</SubDept>
                    <StrtNm>Milkyway</StrtNm>
                    <BldgNb>35</BldgNb>
                    <BldgNm>Haagsepoort</BldgNm>
                    <Flr>10</Flr>
                    <PstBx>1000</PstBx>
                    <Room>D</Room>
                    <PstCd>2595AK</PstCd>
                    <TwnNm>Den Haag</TwnNm>
                    <TwnLctnNm>Muziekbuurt</TwnLctnNm>
                    <DstrctNm>Rijswijk</DstrctNm>
                    <CtrySubDvsn>Zuid-Holland</CtrySubDvsn>
                    <Ctry>NL</Ctry>
                </PstlAdr>
            </Cdtr>
            <CdtrAcct>
                <Id>
                    <IBAN>NL91NNBA1000000568</IBAN>
                </Id>
            </CdtrAcct>
            <CdtrAgt>
                <FinInstnId>
                    <BICFI>NNBANL2G</BICFI>
                </FinInstnId>
            </CdtrAgt>
            <ChrgBr>SLEV</ChrgBr>
            <CdtrSchmeId>
                <Id>
                    <PrvtId>
                        <Othr>
                            <Id>NL47ZZZ524034240000</Id>
                            <SchmeNm>
                                <Prtry>SEPA</Prtry>
                            </SchmeNm>
                        </Othr>
                    </PrvtId>
                </Id>
            </CdtrSchmeId>
            <DrctDbtTxInf>
                <PmtId>
                    <EndToEndId>77012284</EndToEndId>
                </PmtId>
                <InstdAmt Ccy="EUR">40</InstdAmt>
                <DrctDbtTx>
                    <MndtRltdInf>
                        <MndtId>41014</MndtId>
                        <DtOfSgntr>2024-03-09</DtOfSgntr>
                        <AmdmntInd>false</AmdmntInd>
                    </MndtRltdInf>
                    <CdtrSchmeId>
                        <Id>
                            <PrvtId>
                                <Othr>
                                    <Id>NL47ZZZ524034240000</Id>
                                    <SchmeNm>
                                        <Prtry>SEPA</Prtry>
                                    </SchmeNm>
                                </Othr>
                            </PrvtId>
                        </Id>
                    </CdtrSchmeId>
                </DrctDbtTx>
                <DbtrAgt>
                    <FinInstnId>
                        <BICFI>ABNANL2A</BICFI>
                    </FinInstnId>
                </DbtrAgt>
                <Dbtr>
                    <Nm>T. Vsnmsno s/n Q.A.Q. Awmmzwzo</Nm>
                </Dbtr>
                <DbtrAcct>
                    <Id>
                        <IBAN>NL91ABNA0417164300</IBAN>
                    </Id>
                </DbtrAcct>
                <RmtInf>
                    <Ustrd>Qucpaaf pukeg KIA</Ustrd>
                </RmtInf>
            </DrctDbtTxInf>
        </PmtInf>
    </CstmrDrctDbtInitn>
</Document>
