<Document xmlns="urn:iso:std:iso:20022:tech:xsd:pain.001.001.09">
    <CstmrCdtTrfInitn>
        <GrpHdr>
            <MsgId>INNDNL2U20240212T113352</MsgId>
            <CreDtTm>2024-02-12T11:33:52</CreDtTm>
            <NbOfTxs>3</NbOfTxs>
            <CtrlSum>15.12</CtrlSum>
            <InitgPty>
                <Id>
                    <OrgId>
                        <AnyBIC>NNBANL2G</AnyBIC>
                    </OrgId>
                </Id>
            </InitgPty>
        </GrpHdr>
        <PmtInf>
            <PmtInfId>28702354</PmtInfId>
            <PmtMtd>TRF</PmtMtd>
            <BtchBookg>false</BtchBookg>
            <NbOfTxs>1</NbOfTxs>
            <CtrlSum>5.04</CtrlSum>
            <PmtTpInf>
                <SvcLvl>
                    <Cd>SEPA</Cd>
                </SvcLvl>
            </PmtTpInf>
            <ReqdExctnDt>
                <Dt>2024-02-12</Dt>
            </ReqdExctnDt>
            <Dbtr>
                <Nm>Debtor 0</Nm>
                <PstlAdr>
                    <Dept>Bank</Dept>
                    <SubDept>Payments</SubDept>
                    <StrtNm>Milkyway</StrtNm>
                    <BldgNb>35</BldgNb>
                    <BldgNm>Haagsepoort</BldgNm>
                    <Flr>10</Flr>
                    <PstBx>1000</PstBx>
                    <Room>D</Room>
                    <PstCd>2595AK</PstCd>
                    <TwnNm>Den Haag</TwnNm>
                    <TwnLctnNm>Muziekbuurt</TwnLctnNm>
                    <DstrctNm>Rijswijk</DstrctNm>
                    <CtrySubDvsn>Zuid-Holland</CtrySubDvsn>
                    <Ctry>NL</Ctry>
                </PstlAdr>
                <Id>
                    <OrgId>
                        <Othr>
                            <Id>2444407</Id>
                        </Othr>
                    </OrgId>
                </Id>
            </Dbtr>
            <DbtrAcct>
                <Id>
                    <IBAN>NL97NNBA2022645367</IBAN>
                </Id>
            </DbtrAcct>
            <DbtrAgt>
                <FinInstnId>
                    <BICFI>NNBANL2G</BICFI>
                </FinInstnId>
            </DbtrAgt>
            <ChrgBr>SLEV</ChrgBr>
            <CdtTrfTxInf>
                <PmtId>
                    <EndToEndId>19872317</EndToEndId>
                </PmtId>
                <Amt>
                    <InstdAmt Ccy="EUR">5.04</InstdAmt>
                </Amt>
                <CdtrAgt>
                    <FinInstnId>
                        <BICFI>SNSBNL2A</BICFI>
                    </FinInstnId>
                </CdtrAgt>
                <Cdtr>
                    <Nm>Creditor 0</Nm>
                </Cdtr>
                <CdtrAcct>
                    <Id>
                        <IBAN>NL48SNSB0119930676</IBAN>
                    </Id>
                </CdtrAcct>
                <RmtInf>
                    <Ustrd>Payment Galaxy generated 0</Ustrd>
                </RmtInf>
                <CdtrAgt>
                    <FinInstnId>
                        <BICFI>SNSBNL2A</BICFI>
                    </FinInstnId>
                </CdtrAgt>
                <CdtrAgt>
                    <FinInstnId>
                        <BICFI>SNSBNL2A</BICFI>
                    </FinInstnId>
                </CdtrAgt>
            </CdtTrfTxInf>
        </PmtInf>
        <PmtInf>
            <PmtInfId>53587215</PmtInfId>
            <PmtMtd>TRF</PmtMtd>
            <BtchBookg>false</BtchBookg>
            <NbOfTxs>1</NbOfTxs>
            <CtrlSum>5.05</CtrlSum>
            <PmtTpInf>
                <SvcLvl>
                    <Cd>SEPA</Cd>
                </SvcLvl>
            </PmtTpInf>
            <ReqdExctnDt>
                <Dt>2024-02-12</Dt>
            </ReqdExctnDt>
            <Dbtr>
                <Nm>Debtor 1</Nm>
                <PstlAdr>
                    <Dept>Bank</Dept>
                    <SubDept>Payments</SubDept>
                    <StrtNm>Milkyway</StrtNm>
                    <BldgNb>35</BldgNb>
                    <BldgNm>Haagsepoort</BldgNm>
                    <Flr>10</Flr>
                    <PstBx>1000</PstBx>
                    <Room>D</Room>
                    <PstCd>2595AK</PstCd>
                    <TwnNm>Den Haag</TwnNm>
                    <TwnLctnNm>Muziekbuurt</TwnLctnNm>
                    <DstrctNm>Rijswijk</DstrctNm>
                    <CtrySubDvsn>Zuid-Holland</CtrySubDvsn>
                    <Ctry>NL</Ctry>
                </PstlAdr>
                <Id>
                    <OrgId>
                        <Othr>
                            <Id>4037773</Id>
                        </Othr>
                    </OrgId>
                </Id>
            </Dbtr>
            <DbtrAcct>
                <Id>
                    <IBAN>NL02NNBA3188204897</IBAN>
                </Id>
            </DbtrAcct>
            <DbtrAgt>
                <FinInstnId>
                    <BICFI>NNBANL2G</BICFI>
                </FinInstnId>
            </DbtrAgt>
            <ChrgBr>SLEV</ChrgBr>
            <CdtTrfTxInf>
                <PmtId>
                    <EndToEndId>30286147</EndToEndId>
                </PmtId>
                <Amt>
                    <InstdAmt Ccy="EUR">5.04</InstdAmt>
                </Amt>
                <Cdtr>
                    <Nm>Creditor 1</Nm>
                </Cdtr>
                <CdtrAcct>
                    <Id>
                        <IBAN>NL48SNSB0119930676</IBAN>
                    </Id>
                </CdtrAcct>
                <RmtInf>
                    <Ustrd>Payment Galaxy generated 1</Ustrd>
                </RmtInf>
            </CdtTrfTxInf>
        </PmtInf>
        <PmtInf>
            <PmtInfId>53587225</PmtInfId>
            <PmtMtd>TRF</PmtMtd>
            <BtchBookg>false</BtchBookg>
            <NbOfTxs>2</NbOfTxs>
            <CtrlSum>5.05</CtrlSum>
            <PmtTpInf>
                <SvcLvl>
                    <Cd>SEPA</Cd>
                </SvcLvl>
            </PmtTpInf>
            <ReqdExctnDt>
                <Dt>2024-02-12</Dt>
            </ReqdExctnDt>
            <Dbtr>
                <Nm>Debtor 2</Nm>
                <PstlAdr>
                    <Dept>Bank</Dept>
                    <SubDept>Payments</SubDept>
                    <StrtNm>Milkyway</StrtNm>
                    <BldgNb>35</BldgNb>
                    <BldgNm>Haagsepoort</BldgNm>
                    <Flr>20</Flr>
                    <PstBx>2000</PstBx>
                    <Room>D</Room>
                    <PstCd>2595AK</PstCd>
                    <TwnNm>Den Haag</TwnNm>
                    <TwnLctnNm>Muziekbuurt</TwnLctnNm>
                    <DstrctNm>Rijswijk</DstrctNm>
                    <CtrySubDvsn>Zuid-Holland</CtrySubDvsn>
                    <Ctry>NL</Ctry>
                </PstlAdr>
                <Id>
                    <OrgId>
                        <Othr>
                            <Id>4037773</Id>
                        </Othr>
                    </OrgId>
                </Id>
            </Dbtr>
            <DbtrAcct>
                <Id>
                    <IBAN>NL02NNBA3288204897</IBAN>
                </Id>
            </DbtrAcct>
            <DbtrAgt>
                <FinInstnId>
                    <BICFI>NNBANL2G</BICFI>
                </FinInstnId>
            </DbtrAgt>
            <ChrgBr>SLEV</ChrgBr>
            <CdtTrfTxInf>
                <PmtId>
                    <EndToEndId>30286247</EndToEndId>
                </PmtId>
                <Amt>
                    <InstdAmt Ccy="EUR">5.04</InstdAmt>
                </Amt>
                <Cdtr>
                    <Nm>Creditor 2</Nm>
                </Cdtr>
                <CdtrAcct>
                    <Id>
                        <IBAN>NL48SNSB0229930676</IBAN>
                    </Id>
                </CdtrAcct>
                <RmtInf>
                    <Ustrd>Payment Galaxy generated 2</Ustrd>
                </RmtInf>
            </CdtTrfTxInf>
        </PmtInf>
    </CstmrCdtTrfInitn>
</Document>
